<?xml version="1.0" encoding="UTF-8"?><collection xmlns="http://www.loc.gov/MARC21/slim"><record><leader>00469nam--2200145-i-4500</leader><controlfield tag="001">000027872</controlfield><controlfield tag="002">20161230</controlfield><controlfield tag="005">20161230201037</controlfield><controlfield tag="008">060222s1000------------r-----000-0-eng-d</controlfield><datafield ind1=" " ind2=" " tag="080"><subfield code="a">621.74</subfield></datafield><datafield ind1=" " ind2=" " tag="100"><subfield code="a">Lederer, Andrei</subfield></datafield><datafield ind1=" " ind2=" " tag="245"><subfield code="a">Stadiul tehnologic actual si tendinte de viitor in turnarea continua. sinteza documentara</subfield></datafield><datafield ind1=" " ind2=" " tag="260"><subfield code="a">Bucuresti, Centr.De Docum.Si Publicatii Tehnice Al Industr.Metalurgice, 1973, 183p</subfield></datafield><datafield ind1=" " ind2=" " tag="490"><subfield code="a">Sinteze Documentare-s</subfield></datafield><datafield ind1=" " ind2=" " tag="852"><subfield code="a">39905</subfield></datafield></record></collection>